@article{choi2018article,
  title="Infants’ understanding of the definite/indefinite article in a third-party communicative situation",
  author="Choi, You-jung and Song, Hyun-joo and Luo, Yuyan",
  journal="Cognition",
  volume="175",
  pages="69-76",
  year="2018",
  publisher="Elsevier"}

@article{feldman2019speech,
  title="How young children learn language and speech",
  author="Feldman, Heidi M",
  journal="Pediatrics in review",
  volume="40",
  number="8",
  pages="398-411",
  year="2019",
  publisher="American Academy of Pediatrics"
}

@inproceedings{jasbi2020neg,
  title="Parents’ and children’s production of English negation",
  author="Jasbi, Masoud and McDermott-Hinman, Annika and Davidson, Kathryn and Carey, Susan",
  booktitle="45th boston university conference on language development",
  year="2020"
}

@inproceedings{tullo2003zipf,
  title="Modelling Zipfian distributions in language",
  author="Tullo, Catriona and Hurford, James",
  booktitle="Proceedings of language evolution and computation workshop/course at ESSLLI",
  pages="62-75",
  year="2003"
}

@misc{pittphilsci16750,
           title = {Towards the Emergence of Non-trivial Compositionality},
          author = {Shane Steinert-Threlkeld},
       publisher = {University of Chicago Press},
            year = {2019},
            note = {Forthcoming in the journal Philosophy of Science},
         journal = {Philosophy of Science},
        keywords = {function words; signaling games; reinforcement learning; evolution of language; neural networks}
}

@book{macwhinney2000childes,
  title={The CHILDES Project: Tools for analyzing talk. transcription format and programs},
  author={MacWhinney, Brian},
  volume={1},
  year={2000},
  publisher={Psychology Press}
}

@misc{jasbi2022git,
  author = {Jasbi, M.},
  title = {childes_function_words},
  year = {2022},
  publisher = {GitHub},
  journal = {GitHub repository},
  howpublished = {\url{https://github.com/jasbi/childes_function_words.git}},
}

@book{clark2009first,
  title={First language acquisition},
  author={Clark, Eve V},
  year={2009},
  publisher={Cambridge University Press}
}